@article{baas2009ring,
  title={{Ring completion of rig categories}},
  author={Baas, N. A. and Dundas, B. I. and Richter, B. and Rognes, J.},
  journal={To appear in J. Reine Angew. Math., Available at arXiv:0706.0531},
  year={2009}
}
@article{baas909stable,
  title={{Stable bundles over rig categories}},
  author={Baas, N. A. and Dundas, B. I. and Richter, B. and Rognes, J.},
  journal={To appear in Journal of Topology, Available at arXiv:0909.1742},
  year={2009}
}
@incollection{baas2004two,
    AUTHOR = {Baas, N. A. and Dundas, B. I. and Rognes, J.},
     TITLE = {Two-vector bundles and forms of elliptic cohomology},
 BOOKTITLE = {Topology, geometry and quantum field theory},
    SERIES = {London Math. Soc. Lecture Note Ser.},
    VOLUME = {308},
     PAGES = {18--45},
 PUBLISHER = {Cambridge Univ. Press},
   ADDRESS = {Cambridge},
      YEAR = {2004},
   MRCLASS = {55N34 (18D05 57T30)},
  MRNUMBER = {2079370 (2005e:55007)},
MRREVIEWER = {Mark Hovey},
       DOI = {10.1017/CBO9780511526398.005},
       URL = {http://dx.doi.org/10.1017/CBO9780511526398.005},
}
@incollection{bass1969k,
    AUTHOR = {Bass, H.},
     TITLE = {{$K_{2}$} and symbols},
 BOOKTITLE = {Algebraic {K}-{T}heory and its {G}eometric {A}pplications
              ({C}onf., {H}ull, 1969) },
     PAGES = {1--11},
 PUBLISHER = {Springer},
   ADDRESS = {Berlin},
      YEAR = {1969},
   MRCLASS = {18.20 (10.00)},
  MRNUMBER = {0271193 (42 \#6076)},
MRREVIEWER = {T.-Y. Lam},
}
@article{bass1964k,
  AUTHOR = {Bass, H.},
     TITLE = {{$K$}-theory and stable algebra},
   JOURNAL = {Inst. Hautes \'Etudes Sci. Publ. Math.},
  FJOURNAL = {Institut des Hautes \'Etudes Scientifiques. Publications
              Math\'ematiques},
    NUMBER = {22},
      YEAR = {1964},
     PAGES = {5--60},
      ISSN = {0073-8301},
   MRCLASS = {18.20 (16.90)},
  MRNUMBER = {0174604 (30 \#4805)},
MRREVIEWER = {J. F. Adams},
}
@article{borelserre1958,
    AUTHOR = {Borel, A. and Serre, J.-P.},
     TITLE = {Le th\'eor\`eme de {R}iemann-{R}och},
   JOURNAL = {Bull. Soc. Math. France},
  FJOURNAL = {Bulletin de la Soci\'et\'e Math\'ematique de France},
    VOLUME = {86},
      YEAR = {1958},
     PAGES = {97--136},
      ISSN = {0037-9484},
   MRCLASS = {14.00},
  MRNUMBER = {0116022 (22 \#6817)},
MRREVIEWER = {R. Bott},
}
@article{BF,
    AUTHOR = {Burghelea, D. and Fiedorowicz, Z.},
     TITLE = {Hermitian algebraic {$K$}-theory of simplicial rings and
              topological spaces},
   JOURNAL = {J. Math. Pures Appl. (9)},
  FJOURNAL = {Journal de Math\'ematiques Pures et Appliqu\'ees. Neuvi\`eme
              S\'erie},
    VOLUME = {64},
      YEAR = {1985},
    NUMBER = {2},
     PAGES = {175--235},
      ISSN = {0021-7824},
     CODEN = {JMPAAM},
   MRCLASS = {18F25 (19D99 19G24 57R67)},
  MRNUMBER = {820117 (87d:18013)},
MRREVIEWER = {A. A. Ranicki},
}
@conference{dundas2000cyclotomic,
    AUTHOR = {Dundas, B. I.},
     TITLE = {The cyclotomic trace for symmetric monoidal categories},
 BOOKTITLE = {Geometry and topology: {A}arhus (1998)},
    SERIES = {Contemp. Math.},
    VOLUME = {258},
     PAGES = {121--143},
 PUBLISHER = {Amer. Math. Soc.},
   ADDRESS = {Providence, RI},
      YEAR = {2000},
   MRCLASS = {19D23 (18D20 19D55 55P43)},
  MRNUMBER = {1778100 (2002g:19002)},

}
@book{elmendorf2007rings,
    AUTHOR = {Elmendorf, A. D. and Kriz, I. and Mandell, M. A. and May, J. P.},
     TITLE = {Rings, modules, and algebras in stable homotopy theory},
    SERIES = {Mathematical Surveys and Monographs},
    VOLUME = {47},
      NOTE = {With an appendix by M. Cole},
 PUBLISHER = {American Mathematical Society},
   ADDRESS = {Providence, RI},
      YEAR = {1997},
     PAGES = {xii+249},
      ISBN = {0-8218-0638-6},
   MRCLASS = {55N20 (19D10 19D55 55P42 55T25)},
  MRNUMBER = {1417719 (97h:55006)},
MRREVIEWER = {Donald M. Davis},
}
@article{elmendorf2006rings,
    AUTHOR = {Elmendorf, A. D. and Mandell, M. A.},
     TITLE = {Rings, modules, and algebras in infinite loop space theory},
   JOURNAL = {Adv. Math.},
  FJOURNAL = {Advances in Mathematics},
    VOLUME = {205},
      YEAR = {2006},
    NUMBER = {1},
     PAGES = {163--228},
      ISSN = {0001-8708},
     CODEN = {ADMTA4},
   MRCLASS = {19D23 (18D10 55P43)},
  MRNUMBER = {2254311 (2007g:19001)},
MRREVIEWER = {J. P. C. Greenlees},
       DOI = {10.1016/j.aim.2005.07.007},
       URL = {http://dx.doi.org/10.1016/j.aim.2005.07.007},
}
@article{farrell1rational,
    AUTHOR = {Farrell, F. T. and Hsiang, W. C.},
     TITLE = {On the rational homotopy groups of the diffeomorphism groups
              of discs, spheres and aspherical manifolds},
 BOOKTITLE = {Algebraic and geometric topology ({P}roc. {S}ympos. {P}ure
              {M}ath., {S}tanford {U}niv., {S}tanford, {C}alif., 1976),
              {P}art 1},
    SERIES = {Proc. Sympos. Pure Math., XXXII},
     PAGES = {325--337},
 PUBLISHER = {Amer. Math. Soc.},
   ADDRESS = {Providence, R.I.},
      YEAR = {1978},
   MRCLASS = {57R50 (22E40 57R65)},
  MRNUMBER = {520509 (80g:57043)},
MRREVIEWER = {Jean-Louis Loday},
}
@book{Goerss2009simplicial,
    AUTHOR = {Goerss, P. G. and Jardine, J. F.},
     TITLE = {Simplicial homotopy theory},
    SERIES = {Progress in Mathematics},
    VOLUME = {174},
 PUBLISHER = {Birkh\"auser Verlag},
   ADDRESS = {Basel},
      YEAR = {1999},
     PAGES = {xvi+510},
      ISBN = {3-7643-6064-X},
   MRCLASS = {55U10 (18G55 55-01 55Pxx)},
  MRNUMBER = {1711612 (2001d:55012)},
MRREVIEWER = {R. M. Vogt},
}
@incollection {IgusaWhat,
    AUTHOR = {Igusa, K.},
     TITLE = {What happens to {H}atcher and {W}agoner's formulas for {$\pi
              _{0}C(M)$} when the first {P}ostnikov invariant of {$M$} is
              nontrivial?},
 BOOKTITLE = {Algebraic {$K$}-theory, number theory, geometry and analysis
              ({B}ielefeld, 1982)},
    SERIES = {Lecture Notes in Math.},
    VOLUME = {1046},
     PAGES = {104--172},
 PUBLISHER = {Springer},
   ADDRESS = {Berlin},
      YEAR = {1984},
   MRCLASS = {57R52 (18F25 19D35)},
  MRNUMBER = {750679 (86a:57026)},
MRREVIEWER = {A. A. Ranicki},
       DOI = {10.1007/BFb0072020},
       URL = {http://dx.doi.org/10.1007/BFb0072020},
}
@article{karpilovsky1983finite,
    AUTHOR = {Karpilovsky, G.},
     TITLE = {On finite generation of unit groups of commutative group
              rings},
   JOURNAL = {Arch. Math. (Basel)},
  FJOURNAL = {Archiv der Mathematik. Archives of Mathematics. Archives Math\'ematiques},
    VOLUME = {40},
      YEAR = {1983},
    NUMBER = {6},
     PAGES = {503--508},
      ISSN = {0003-889X},
     CODEN = {ACVMAL},
   MRCLASS = {16A25 (16A27 20C07)},
  MRNUMBER = {710015 (84h:16010)},
MRREVIEWER = {Donald S. Passman},
       DOI = {10.1007/BF01192817},
       URL = {http://dx.doi.org/10.1007/BF01192817},
} %<--- ein sowas von falsches Paper
@article{laplaza1972coherence,
    AUTHOR = {Laplaza, M. L.},
     TITLE = {Coherence for distributivity},
 BOOKTITLE = {},
     PAGES = {29--65. {\it Coherence in categories}, Lecture Notes in Math., Vol. 281},
 PUBLISHER = {Springer},
   ADDRESS = {Berlin},
      YEAR = {1972},
   MRCLASS = {18D15},
  MRNUMBER = {0335598 (49 \#379a)},
MRREVIEWER = {M. Barr},
}
@book{LCy,
    AUTHOR = {Loday, J.-L.},
     TITLE = {Cyclic homology},
    SERIES = {Grundlehren der Mathematischen Wissenschaften [Fundamental
              Principles of Mathematical Sciences]},
    VOLUME = {301},
   EDITION = {Second},
      NOTE = {Appendix E by Mar{\'{\i}}a O. Ronco, Chapter 13 by the author in collaboration with Teimuraz Pirashvili},
 PUBLISHER = {Springer-Verlag},
   ADDRESS = {Berlin},
      YEAR = {1998},
     PAGES = {xx+513},
      ISBN = {3-540-63074-0},
   MRCLASS = {16E40 (13D03 17B55 18G60 19D55)},
  MRNUMBER = {1600246 (98h:16014)},
}
@incollection{khandbookarXiv,
    AUTHOR = {L{\"u}ck, W. and Reich, H.},
     TITLE = {The {B}aum-{C}onnes and the {F}arrell-{J}ones conjectures in
              {$K$}- and {$L$}-theory},
 BOOKTITLE = {Handbook of {$K$}-theory. {V}ol. 1, 2},
     PAGES = {703--842},
 PUBLISHER = {Springer},
   ADDRESS = {Berlin},
      YEAR = {2005},
   MRCLASS = {19K35 (19A31 19B28 19G24 46L80 57R67)},
  MRNUMBER = {2181833 (2006k:19012)},
MRREVIEWER = {Paul D. Mitchener},
       DOI = {10.1007/978-3-540-27855-9_15},
       URL = {http://dx.doi.org/10.1007/978-3-540-27855-9_15; http://arxiv.org/abs/math/0402405},
}
@book{may1999concise,
    AUTHOR = {May, J. P.},
     TITLE = {A concise course in algebraic topology},
    SERIES = {Chicago Lectures in Mathematics},
 PUBLISHER = {University of Chicago Press},
   ADDRESS = {Chicago, IL},
      YEAR = {1999},
     PAGES = {x+243},
      ISBN = {0-226-51182-0; 0-226-51183-9},
   MRCLASS = {55-02 (18-02 57-02)},
  MRNUMBER = {1702278 (2000h:55002)},
MRREVIEWER = {R. M. Vogt},
}
@book{may1992simplicial,
    AUTHOR = {May, J. P.},
     TITLE = {Simplicial objects in algebraic topology},
    SERIES = {Chicago Lectures in Mathematics},
      NOTE = {Reprint of the 1967 original},
 PUBLISHER = {University of Chicago Press},
   ADDRESS = {Chicago, IL},
      YEAR = {1992},
     PAGES = {viii+161},
      ISBN = {0-226-51181-2},
   MRCLASS = {55U10},
  MRNUMBER = {1206474 (93m:55025)},
MRREVIEWER = {Donald M. Davis},
}
@article{milnor1970algebraick,
     AUTHOR = {Milnor, J.},
     TITLE = {Algebraic {$K$}-theory and quadratic forms},
   JOURNAL = {Invent. Math.},
  FJOURNAL = {Inventiones Mathematicae},
    VOLUME = {9},
      YEAR = {1969/1970},
     PAGES = {318--344},
      ISSN = {0020-9910},
   MRCLASS = {18.20 (10.00)},
  MRNUMBER = {0260844 (41 \#5465)},
MRREVIEWER = {H. Bass},
}
@article{quillen1973higher,
    AUTHOR = {Quillen, D.},
     TITLE = {Higher algebraic {$K$}-theory. {I}},
 BOOKTITLE = {Algebraic {$K$}-theory, {I}: {H}igher {$K$}-theories ({P}roc.
              {C}onf., {B}attelle {M}emorial {I}nst., {S}eattle, {W}ash.,
              1972)},
     PAGES = {85--147. Lecture Notes in Math., Vol. 341},
 PUBLISHER = {Springer},
   ADDRESS = {Berlin},
      YEAR = {1973},
   MRCLASS = {18F25},
  MRNUMBER = {0338129 (49 \#2895)},
MRREVIEWER = {Stephen M. Gersten},
}
@article{richter2010involution,
    AUTHOR = {Richter, B.},
     TITLE = {An involution on the {$K$}-theory of bimonoidal categories with anti-involution},
   JOURNAL = {Algebr. Geom. Topol.},
  FJOURNAL = {Algebraic \& Geometric Topology},
    VOLUME = {10},
      YEAR = {2010},
    NUMBER = {1},
     PAGES = {315--342},
      ISSN = {1472-2747},
   MRCLASS = {19D23 (19D10 55N15 55S25)},
  MRNUMBER = {2602838 (2011b:19003)},
MRREVIEWER = {Richard John Steiner},
       DOI = {10.2140/agt.2010.10.315},
       URL = {http://dx.doi.org/10.2140/agt.2010.10.315},
}
@book{rosenberg1994algebraic,
    AUTHOR = {Rosenberg, J.},
     TITLE = {Algebraic {$K$}-theory and its applications},
    SERIES = {Graduate Texts in Mathematics},
    VOLUME = {147},
 PUBLISHER = {Springer-Verlag},
   ADDRESS = {New York},
      YEAR = {1994},
     PAGES = {x+392},
      ISBN = {0-387-94248-3},
   MRCLASS = {19-01 (19-02)},
  MRNUMBER = {1282290 (95e:19001)},
MRREVIEWER = {Dominique Arlettaz},
}
@article{Segal1968classifying,
    AUTHOR = {Segal, G.},
     TITLE = {Classifying spaces and spectral sequences},
   JOURNAL = {Inst. Hautes \'Etudes Sci. Publ. Math.},
  FJOURNAL = {Institut des Hautes \'Etudes Scientifiques. Publications
              Math\'ematiques},
    NUMBER = {34},
      YEAR = {1968},
     PAGES = {105--112},
      ISSN = {0073-8301},
   MRCLASS = {55.52},
  MRNUMBER = {0232393 (38 \#718)},
MRREVIEWER = {A. K. Bousfield},
}
@book{srinivas1996algebraic,
    AUTHOR = {Srinivas, V.},
     TITLE = {Algebraic {$K$}-theory},
    SERIES = {Modern Birkh\"auser Classics},
   EDITION = {second},
 PUBLISHER = {Birkh\"auser Boston Inc.},
   ADDRESS = {Boston, MA},
      YEAR = {2008},
     PAGES = {xviii+341},
      ISBN = {978-0-8176-4736-0},
   MRCLASS = {19-02 (11R70 14C35)},
  MRNUMBER = {2371852 (2008i:19001)},
}
@book{weibel1995introduction,
 AUTHOR = {Weibel, C. A.},
     TITLE = {An introduction to homological algebra},
    SERIES = {Cambridge Studies in Advanced Mathematics},
    VOLUME = {38},
 PUBLISHER = {Cambridge University Press},
   ADDRESS = {Cambridge},
      YEAR = {1994},
     PAGES = {xiv+450},
      ISBN = {0-521-43500-5; 0-521-55987-1},
   MRCLASS = {18-01 (16-01 17-01 20-01 55Uxx)},
  MRNUMBER = {1269324 (95f:18001)},
MRREVIEWER = {Kenneth A. Brown},

}
@article{weibelk,
  title={{The $K$-book: An introduction to algebraic $K$-theory}},
  author={Weibel, C.},
  journal={Book-in-progress, available at its author's webpage: http://www.math.rutgers.edu/weibel/Kbook. html}
}